@book {axler,
	AUTHOR = {Axler, Sheldon},
	TITLE = {Linear algebra done right},
	SERIES = {Undergraduate Texts in Mathematics},
	EDITION = {Third},
	PUBLISHER = {Springer},
	YEAR = {2015},
	DOI = {10.1007/978-3-319-11080-6},
}

@book {counterexamples,
	AUTHOR = {Gelbaum, Bernard R. and Olmsted, John M. H.},
	TITLE = {Counterexamples in analysis},
	NOTE = {Corrected reprint of the second (1965) edition},
	PUBLISHER = {Dover Publications, Inc.},
	YEAR = {2003},
	ISBN = {0-486-42875-3},
}

@book {gadea,
	AUTHOR = {Gadea, Pedro M. and Masqu\'{e}, Jaime Mu\~{n}oz  and Mykytyuk, Ihor V.},
	TITLE = {Analysis and algebra on differentiable manifolds},
	SERIES = {Problem Books in Mathematics},
	EDITION = {Second},
	PUBLISHER = {Springer},
	YEAR = {2013},
	DOI = {10.1007/978-94-007-5952-7},
}

@book {golub,
	AUTHOR = {Golub, Gene H. and Van Loan, Charles F.},
	TITLE = {Matrix computations},
	SERIES = {Johns Hopkins Studies in the Mathematical Sciences},
	EDITION = {Fourth},
	PUBLISHER = {Johns Hopkins University Press},
	YEAR = {2013},
	ISBN = {978-1-4214-0859-0},
}

@book {hefferon,
	AUTHOR = {Hefferon, Jim},
	TITLE = {Linear algebra},
	EDITION = {Third},
	YEAR = {2019},
	URL = {http://joshua.smcvt.edu/linearalgebra/},
}

@book {konigsberger,
	AUTHOR = {K\"{o}nigsberger, Konrad},
	TITLE = {Analysis 2},
	SERIES = {Springer-Lehrbuch},
	NOTE = {Grundwissen Mathematik},
	PUBLISHER = {Springer-Verlag},
	YEAR = {1993},
	ISBN = {3-540-54723-1},
	SHORTHAND = {{K\"{o}93}}
}

@book {protter-morrey,
    AUTHOR = {Protter, Murray H. and Morrey, Jr., Charles B.},
     TITLE = {A first course in real analysis},
    SERIES = {Undergraduate Texts in Mathematics},
   EDITION = {Second},
 PUBLISHER = {Springer-Verlag},
       DOI = {10.1007/978-1-4419-8744-0},
       YEAR = {1991}
}

@book {pugh,
	AUTHOR = {Pugh, Charles C.},
	TITLE = {Real mathematical analysis},
	SERIES = {Undergraduate Texts in Mathematics},
	EDITION = {Second},
	PUBLISHER = {Springer},
	YEAR = {2015},
	DOI = {10.1007/978-3-319-17771-7},
}

@article {saint-raymond,
	AUTHOR = {Saint Raymond, Jean},
	TITLE = {Local inversion for differentiable functions and the {D}arboux
	property},
	JOURNAL = {Mathematika},
	VOLUME = {49},
	YEAR = {2002},
	NUMBER = {1-2},
	PAGES = {141--158 (2004)},
	ISSN = {0025-5793},
	DOI = {10.1112/S0025579300016132},
}

@book {spivak_calculus,
	AUTHOR = {Spivak, Michael},
	TITLE = {Calculus on manifolds},
	PUBLISHER = {W. A. Benjamin, Inc.},
	YEAR = {1965},
}

@book {spivak,
	AUTHOR = {Spivak, Michael},
	TITLE = {A Comprehensive Introduction to Differential Geometry},
	VOLUME = {I},
	EDITION = {Third},
	PUBLISHER = {Publish or Perish, Inc},
	YEAR = {2005},
	ISBN = {0-914098-83-7},
}

@book {rudin,
	AUTHOR = {Rudin, Walter},
	TITLE = {Principles of mathematical analysis},
	EDITION = {Third},
	NOTE = {International Series in Pure and Applied Mathematics},
	PUBLISHER = {McGraw-Hill Book C},
	YEAR = {1976},
}

@article {pompeiu,
	AUTHOR = {Pompeiu, Dimitrie D. },
	TITLE = {Sur les fonctions d\'{e}riv\'{e}es},
	JOURNAL = {Mathematische Annalen},
	VOLUME = {63},
	YEAR = {1907},
	NUMBER = {3},
	PAGES = {326--332},
	ISSN = {0025-5831},
	DOI = {10.1007/BF01449201},
}